<record><leader>00000cas a22000007a 4500</leader><controlfield tag="001">16164629</controlfield><controlfield tag="008">870713d19021910inuwr ne      0    0eng d</controlfield><datafield ind1=" " ind2=" " tag="010"><subfield code="a">sn 87055864 </subfield></datafield><datafield ind1=" " ind2=" " tag="040"><subfield code="a">NPI</subfield><subfield code="b">eng</subfield><subfield code="c">NPI</subfield><subfield code="d">OCLCQ</subfield></datafield><datafield ind1=" " ind2=" " tag="042"><subfield code="a">msc</subfield></datafield><datafield ind1="0" ind2=" " tag="130"><subfield code="a">Democratic sun (Seymour, Ind.)</subfield></datafield><datafield ind1="1" ind2="4" tag="245"><subfield code="a">The Democratic sun.</subfield></datafield><datafield ind1=" " ind2=" " tag="260"><subfield code="a">Seymour, Ind. :</subfield><subfield code="b">J. Newt Gibson</subfield></datafield><datafield ind1=" " ind2=" " tag="310"><subfield code="a">Weekly</subfield></datafield><datafield ind1="1" ind2=" " tag="362"><subfield code="a">Began in 1902; ceased in 1910.</subfield></datafield><datafield ind1=" " ind2=" " tag="580"><subfield code="a">Issued also in a daily ed. called: The Daily Democratic sun, &lt;1906-1910&gt;.</subfield></datafield><datafield ind1=" " ind2=" " tag="588"><subfield code="a">Description based on: Vol. 3, no. 41 (Jan. 14, 1905).</subfield></datafield><datafield ind1=" " ind2=" " tag="752"><subfield code="a">United States</subfield><subfield code="b">Indiana</subfield><subfield code="c">Jackson</subfield><subfield code="d">Seymour.</subfield></datafield><datafield ind1="1" ind2=" " tag="775"><subfield code="t">Daily Democratic sun</subfield><subfield code="w">(DLC)sn 87055865</subfield></datafield><datafield ind1="0" ind2="7" tag="785"><subfield code="t">Seymour weekly Democrat (Seymour, Ind. : 1868)</subfield><subfield code="w">(DLC)sn 85048003</subfield></datafield><datafield ind1="0" ind2="7" tag="785"><subfield code="t">Weekly Democrat and Democratic sun</subfield></datafield></record>